<?xml version="1.0" encoding="UTF-8"?><collection xmlns="http://www.loc.gov/MARC21/slim"><record><leader>00401nam--2200121-i-4500</leader><controlfield tag="001">000018617</controlfield><controlfield tag="002">20161230</controlfield><controlfield tag="005">20161230201032</controlfield><controlfield tag="008">060222s1000------------r-----000-0-eng-d</controlfield><datafield ind1=" " ind2=" " tag="245"><subfield code="a">Electrochemistry of molten and solid electrolytes.authorized translation from the russian</subfield></datafield><datafield ind1=" " ind2=" " tag="260"><subfield code="a">New York, Consultants Bureau, 1961. 106 P</subfield></datafield><datafield ind1=" " ind2=" " tag="490"><subfield code="a">Transactions Of The Institute Of Electrochemistry</subfield></datafield><datafield ind1=" " ind2=" " tag="852"><subfield code="a">18505</subfield></datafield></record></collection>